@article{DBLP:journals/corr/ChenFWB17,
  author    = {Danqi Chen and
               Adam Fisch and
               Jason Weston and
               Antoine Bordes},
  title     = {Reading Wikipedia to Answer Open-Domain Questions},
  journal   = {CoRR},
  volume    = {abs/1704.00051},
  year      = {2017},
  url       = {http://arxiv.org/abs/1704.00051},
  archivePrefix = {arXiv},
  eprint    = {1704.00051},
  timestamp = {Wed, 07 Jun 2017 14:41:08 +0200},
  biburl    = {http://dblp.org/rec/bib/journals/corr/ChenFWB17},
  bibsource = {dblp computer science bibliography, http://dblp.org}
}

@article{DBLP:journals/corr/SeoKFH16,
  author    = {Min Joon Seo and
               Aniruddha Kembhavi and
               Ali Farhadi and
               Hannaneh Hajishirzi},
  title     = {Bidirectional Attention Flow for Machine Comprehension},
  journal   = {CoRR},
  volume    = {abs/1611.01603},
  year      = {2016},
  url       = {http://arxiv.org/abs/1611.01603},
  archivePrefix = {arXiv},
  eprint    = {1611.01603},
  timestamp = {Wed, 07 Jun 2017 14:41:03 +0200},
  biburl    = {http://dblp.org/rec/bib/journals/corr/SeoKFH16},
  bibsource = {dblp computer science bibliography, http://dblp.org}
}

@article{DBLP:journals/corr/abs-1709-02755,
  author    = {Tao Lei and
               Yu Zhang},
  title     = {Training RNNs as Fast as CNNs},
  journal   = {CoRR},
  volume    = {abs/1709.02755},
  year      = {2017},
  url       = {http://arxiv.org/abs/1709.02755},
  archivePrefix = {arXiv},
  eprint    = {1709.02755},
  timestamp = {Thu, 05 Oct 2017 09:42:50 +0200},
  biburl    = {http://dblp.org/rec/bib/journals/corr/abs-1709-02755},
  bibsource = {dblp computer science bibliography, http://dblp.org}
}

